@book{elements,
  added-at = {2008-05-16T16:17:42.000+0200},
  address = {New York, NY, USA},
  author = {Hastie, Trevor and Tibshirani, Robert and Friedman, Jerome},
  biburl = {http://www.bibsonomy.org/bibtex/2f58afc5c9793fcc8ad8389824e57984c/sb3000},
  interhash = {d585aea274f2b9b228fc1629bc273644},
  intrahash = {f58afc5c9793fcc8ad8389824e57984c},
  keywords = {ml statistics},
  publisher = {Springer New York Inc.},
  series = {Springer Series in Statistics},
  timestamp = {2008-05-16T16:17:43.000+0200},
  title = {The Elements of Statistical Learning},
  year = 2001
}

@book{mmds,
 author = {Rajaraman, Anand and Ullman, Jeffrey David},
 title = {Mining of Massive Datasets},
 year = {2011},
 isbn = {1107015359, 9781107015357},
 publisher = {Cambridge University Press},
 address = {New York, NY, USA},
}

@article{ward,
 author = {Murtagh, Fionn and Legendre, Pierre},
 title = {Ward’s Hierarchical Clustering Method: Clustering Criterion and Agglomerative Algorithm},
 year = {2011},
 publisher = {Science Foundation Ireland and Universié de Montréal},
 address = {Dublin, Ireland and Montréal, Canada},
}

@article{ward-notes,
 author = {Shalizi, Cosma},
 title = {Distances between Clustering, Hierarchical
Clustering. Notes from ``Statistics 36-350: Data Mining''},
 year = {2009},
 publisher = {Carnegie Mellon University},
 address = {Pittsburgh, PA, USA},
} 